@article{bossini2021ultrafast,
  title = {Ultrafast {{Amplification}} and {{Nonlinear Magnetoelastic Coupling}} of {{Coherent Magnon Modes}} in an {{Antiferromagnet}}},
  author = {Bossini, D. and Pancaldi, M. and Soumah, L. and Basini, M. and Mertens, F. and Cinchetti, M. and Satoh, T. and Gomonay, O. and Bonetti, S.},
  year = {2021},
  month = aug,
  journal = {Physical Review Letters},
  volume = {127},
  number = {7},
  pages = {077202},
  doi = {10.1103/PhysRevLett.127.077202},
}

@book{pml1Book,
 author = "Kevin P. Murphy",
 title = "Probabilistic Machine Learning: An introduction",
 publisher = "MIT Press",
 year = 2022,
 url = "http://probml.github.io/book1"
}

@article{radford2019language,
  title={Language Models are Unsupervised Multitask Learners},
  author={Radford, Alec and Wu, Jeff and Child, Rewon and Luan, David and Amodei, Dario and Sutskever, Ilya},
  year={2019}
}

@misc{touvron2023llamaopenefficientfoundation,
  title={LLaMA: Open and Efficient Foundation Language Models}, 
  author={Hugo Touvron and Thibaut Lavril and Gautier Izacard and Xavier Martinet and Marie-Anne Lachaux and Timothée Lacroix and Baptiste Rozière and Naman Goyal and Eric Hambro and Faisal Azhar and Aurelien Rodriguez and Armand Joulin and Edouard Grave and Guillaume Lample},
  year={2023},
  eprint={2302.13971},
  archivePrefix={arXiv},
  primaryClass={cs.CL},
  url={https://arxiv.org/abs/2302.13971}, 
}

@misc{ho2020denoisingdiffusionprobabilisticmodels,
  title={Denoising Diffusion Probabilistic Models}, 
  author={Jonathan Ho and Ajay Jain and Pieter Abbeel},
  year={2020},
  eprint={2006.11239},
  archivePrefix={arXiv},
  primaryClass={cs.LG},
  url={https://arxiv.org/abs/2006.11239}, 
}

@article{ostdiek_b_cataloging_2020,
	title = {Cataloging accreted stars within {Gaia} {DR2} using deep learning},
	volume = {636},
	url = {https://doi.org/10.1051/0004-6361/201936866},
	doi = {10.1051/0004-6361/201936866},
	journal = {A\&A},
	author = {{Ostdiek, B.} and {Necib, L.} and {Cohen, T.} and {Freytsis, M.} and {Lisanti, M.} and {Garrison-Kimmmel, S.} and {Wetzel, A.} and {Sanderson, R. E.} and {Hopkins, P. F.}},
	year = {2020},
	pages = {A75},
}

@misc{robin2022learningforecastvegetationgreenness,
  title={Learning to forecast vegetation greenness at fine resolution over Africa with ConvLSTMs}, 
  author={Claire Robin and Christian Requena-Mesa and Vitus Benson and Lazaro Alonso and Jeran Poehls and Nuno Carvalhais and Markus Reichstein},
  year={2022},
  eprint={2210.13648},
  archivePrefix={arXiv},
  primaryClass={cs.LG},
  url={https://arxiv.org/abs/2210.13648}, 
}